{
  "leader": "04591cam a2200589 a 4500",
  "fields": [
    {
      "001": "ocn321017013"
    },
    {
      "003": "OCoLC"
    },
    {
      "005": "20221208125043.0"
    },
    {
      "008": "110607s2009\\\\\\\\nyua\\\\\\\\\\b\\\\\\\\001\\0deng\\\\"
    },
    {
      "010": {
        "ind1": "\\",
        "ind2": "\\",
        "subfields": [
          {
            "a": "  2011378160"
          }
        ]
      }
    },
    {
      "040": {
        "ind1": "\\",
        "ind2": "\\",
        "subfields": [
          {
            "a": "UKM"
          },
          {
            "b": "eng"
          },
          {
            "c": "UKM"
          },
          {
            "d": "DLC"
          },
          {
            "d": "BTCTA"
          },
          {
            "d": "YDXCP"
          },
          {
            "d": "HFL"
          },
          {
            "d": "BWX"
          },
          {
            "d": "TXA"
          },
          {
            "d": "GEBAY"
          },
          {
            "d": "DEBBG"
          },
          {
            "d": "CIA"
          },
          {
            "d": "OCLCF"
          },
          {
            "d": "OCLCQ"
          },
          {
            "d": "VTU"
          },
          {
            "d": "OCLCQ"
          },
          {
            "d": "UCW"
          },
          {
            "d": "DEHBZ"
          },
          {
            "d": "UKMGB"
          },
          {
            "d": "UKNRU"
          },
          {
            "d": "OCLCO"
          },
          {
            "d": "OCLCQ"
          },
          {
            "d": "OCLCO"
          },
          {
            "d": "OCLCA"
          },
          {
            "d": "LUN"
          },
          {
            "d": "EUV"
          },
          {
            "d": "VVB"
          },
          {
            "d": "ZGM"
          },
          {
            "d": "CUT"
          }
        ]
      }
    },
    {
      "016": {
        "ind1": "7",
        "ind2": "\\",
        "subfields": [
          {
            "a": "015181596"
          },
          {
            "2": "Uk"
          }
        ]
      }
    },
    {
      "019": {
        "ind1": "\\",
        "ind2": "\\",
        "subfields": [
          {
            "a": "320806094"
          },
          {
            "a": "667881387"
          },
          {
            "a": "1167010423"
          },
          {
            "a": "1201008222"
          },
          {
            "a": "1201970946"
          },
          {
            "a": "1225733812"
          }
        ]
      }
    },
    {
      "020": {
        "ind1": "\\",
        "ind2": "\\",
        "subfields": [
          {
            "a": "9780892073931"
          },
          {
            "q": "(hbk.)"
          }
        ]
      }
    },
    {
      "020": {
        "ind1": "\\",
        "ind2": "\\",
        "subfields": [
          {
            "a": "0892073934"
          },
          {
            "q": "(hbk.)"
          }
        ]
      }
    },
    {
      "035": {
        "ind1": "\\",
        "ind2": "\\",
        "subfields": [
          {
            "a": "(OCoLC)321017013"
          },
          {
            "z": "(OCoLC)320806094"
          },
          {
            "z": "(OCoLC)667881387"
          },
          {
            "z": "(OCoLC)1167010423"
          },
          {
            "z": "(OCoLC)1201008222"
          },
          {
            "z": "(OCoLC)1201970946"
          },
          {
            "z": "(OCoLC)1225733812"
          }
        ]
      }
    },
    {
      "042": {
        "ind1": "\\",
        "ind2": "\\",
        "subfields": [
          {
            "a": "pcc"
          },
          {
            "a": "ukblsr"
          }
        ]
      }
    },
    {
      "043": {
        "ind1": "\\",
        "ind2": "\\",
        "subfields": [
          {
            "a": "n-us-ny"
          }
        ]
      }
    },
    {
      "050": {
        "ind1": "0",
        "ind2": "0",
        "subfields": [
          {
            "a": "N620.S63"
          },
          {
            "b": "A555 2009"
          }
        ]
      }
    },
    {
      "082": {
        "ind1": "0",
        "ind2": "4",
        "subfields": [
          {
            "a": "727.709045"
          },
          {
            "b": "SOL"
          }
        ]
      }
    },
    {
      "110": {
        "ind1": "2",
        "ind2": "\\",
        "subfields": [
          {
            "a": "Solomon R. Guggenheim Museum."
          }
        ]
      }
    },
    {
      "245": {
        "ind1": "1",
        "ind2": "4",
        "subfields": [
          {
            "a": "The Museum of Non-Objective Painting :"
          },
          {
            "b": "Hilla Rebay and the origins of the Solomon R. Guggenheim Museum /"
          },
          {
            "c": "edited by Karole Vail ; with essays by Tracey Bashkoff [and others]."
          }
        ]
      }
    },
    {
      "260": {
        "ind1": "\\",
        "ind2": "\\",
        "subfields": [
          {
            "a": "New York, N.Y. :"
          },
          {
            "b": "Guggenheim Museum :"
          },
          {
            "b": "Distributed in the United States by D.A.P. ;"
          },
          {
            "a": "London :"
          },
          {
            "b": "Distributed outside the United States and Canada by Thames & Hudson,"
          },
          {
            "c": "\u00a92009."
          }
        ]
      }
    },
    {
      "300": {
        "ind1": "\\",
        "ind2": "\\",
        "subfields": [
          {
            "a": "351 pages :"
          },
          {
            "b": "illustrations (some color) ;"
          },
          {
            "c": "28 cm"
          }
        ]
      }
    },
    {
      "336": {
        "ind1": "\\",
        "ind2": "\\",
        "subfields": [
          {
            "a": "text"
          },
          {
            "b": "txt"
          },
          {
            "2": "rdacontent"
          }
        ]
      }
    },
    {
      "337": {
        "ind1": "\\",
        "ind2": "\\",
        "subfields": [
          {
            "a": "unmediated"
          },
          {
            "b": "n"
          },
          {
            "2": "rdamedia"
          }
        ]
      }
    },
    {
      "338": {
        "ind1": "\\",
        "ind2": "\\",
        "subfields": [
          {
            "a": "volume"
          },
          {
            "b": "nc"
          },
          {
            "2": "rdacarrier"
          }
        ]
      }
    },
    {
      "504": {
        "ind1": "\\",
        "ind2": "\\",
        "subfields": [
          {
            "a": "Includes bibliographical references and index."
          }
        ]
      }
    },
    {
      "505": {
        "ind1": "0",
        "ind2": "\\",
        "subfields": [
          {
            "a": "A museum in the making : two artists and their patron -- Hilla Rebay, Rudolf Bauer, and Solomon R. Guggenheim / Karole Vail -- Inaugural exhibition of the permanent collection, MNOP, 24 East 54th Street -- Plates : selected works acquired by the Solomon R. Guggenheim Foundation -- Inaugural exhibition of the permanent collection, MNOP, 1071 Fifth Avenue -- Just paint : the founding collection of the Guggenheim Museum / Tracey Bashkoff -- Rhythm of the in-between : abstract film and the Museum of Non-Objective Painting / John G. Hanhardt -- Illustrated architectural history -- Erecting the Remple of Non-Objectivity : the architectural infancy of the Guggenheim Museum / Don Quaintance -- Plates : selected works included in exhibitions -- History of temporary and traveling exhibitions, 1936-1959 / Karole Vail. Temporary exhibitions organized by Hilla Rebay, 1939-1952 ; Temprary exhibitions organized by James Johnson Sweeney, 1952-1959 ; Traveling exhibitions, 1936-1959 -- Chronology / Don Quaintance and Karole Vail."
          }
        ]
      }
    },
    {
      "520": {
        "ind1": "\\",
        "ind2": "\\",
        "subfields": [
          {
            "a": "Considering the origins of the Solomon R. Guggenheim Museum when it was first known as the Museum of Non-Objective Painting, this volume reveals the museum's complex & sometimes twisted architectural history & the ambitous exhibition programme organized by Hilla Rebay, the museum's director & curator from 1939 to 1952."
          }
        ]
      }
    },
    {
      "600": {
        "ind1": "1",
        "ind2": "0",
        "subfields": [
          {
            "a": "Rebay, Hilla,"
          },
          {
            "d": "1890-1967."
          }
        ]
      }
    },
    {
      "610": {
        "ind1": "2",
        "ind2": "0",
        "subfields": [
          {
            "a": "Museum of Non-Objective Painting"
          },
          {
            "x": "History."
          }
        ]
      }
    },
    {
      "610": {
        "ind1": "2",
        "ind2": "0",
        "subfields": [
          {
            "a": "Solomon R. Guggenheim Museum"
          },
          {
            "x": "History."
          }
        ]
      }
    },
    {
      "650": {
        "ind1": "\\",
        "ind2": "0",
        "subfields": [
          {
            "a": "Art, Abstract."
          }
        ]
      }
    },
    {
      "650": {
        "ind1": "\\",
        "ind2": "0",
        "subfields": [
          {
            "a": "Art"
          },
          {
            "z": "New York (State)"
          },
          {
            "z": "New York."
          }
        ]
      }
    },
    {
      "600": {
        "ind1": "1",
        "ind2": "7",
        "subfields": [
          {
            "a": "Rebay, Hilla,"
          },
          {
            "d": "1890-1967."
          },
          {
            "2": "fast"
          },
          {
            "0": "(OCoLC)fst00047449"
          }
        ]
      }
    },
    {
      "610": {
        "ind1": "2",
        "ind2": "7",
        "subfields": [
          {
            "a": "Museum of Non-Objective Painting."
          },
          {
            "2": "fast"
          },
          {
            "0": "(OCoLC)fst00717106"
          }
        ]
      }
    },
    {
      "610": {
        "ind1": "2",
        "ind2": "7",
        "subfields": [
          {
            "a": "Solomon R. Guggenheim Museum."
          },
          {
            "2": "fast"
          },
          {
            "0": "(OCoLC)fst00533812"
          }
        ]
      }
    },
    {
      "650": {
        "ind1": "\\",
        "ind2": "7",
        "subfields": [
          {
            "a": "Art."
          },
          {
            "2": "fast"
          },
          {
            "0": "(OCoLC)fst00815177"
          }
        ]
      }
    },
    {
      "650": {
        "ind1": "\\",
        "ind2": "7",
        "subfields": [
          {
            "a": "Art, Abstract."
          },
          {
            "2": "fast"
          },
          {
            "0": "(OCoLC)fst00815850"
          }
        ]
      }
    },
    {
      "651": {
        "ind1": "\\",
        "ind2": "7",
        "subfields": [
          {
            "a": "New York (State)"
          },
          {
            "z": "New York."
          },
          {
            "2": "fast"
          },
          {
            "0": "(OCoLC)fst01204333"
          }
        ]
      }
    },
    {
      "655": {
        "ind1": "\\",
        "ind2": "7",
        "subfields": [
          {
            "a": "History."
          },
          {
            "2": "fast"
          },
          {
            "0": "(OCoLC)fst01411628"
          }
        ]
      }
    },
    {
      "700": {
        "ind1": "1",
        "ind2": "\\",
        "subfields": [
          {
            "a": "Vail, Karole P. B."
          }
        ]
      }
    },
    {
      "700": {
        "ind1": "1",
        "ind2": "\\",
        "subfields": [
          {
            "a": "Bashkoff, Tracey R."
          }
        ]
      }
    },
    {
      "776": {
        "ind1": "0",
        "ind2": "8",
        "subfields": [
          {
            "i": "Online version:"
          },
          {
            "t": "Museum of Non-Objective Painting."
          },
          {
            "d": "New York, N.Y. : Guggenheim Museum ; New York, N.Y. : Distributed in the United States by D.A.P. ; London : Distributed outside the United States and Canada by Thames & Hudson, \u00a92009"
          },
          {
            "w": "(OCoLC)615740264"
          }
        ]
      }
    },
    {
      "856": {
        "ind1": "4",
        "ind2": "1",
        "subfields": [
          {
            "3": "Table of contents"
          },
          {
            "u": "http://bvbr.bib-bvb.de:8991/F?func=service&doc_library=BVB01&doc_number=017708616&line_number=0001&func_code=DB_RECORDS&service_type=MEDIA"
          }
        ]
      }
    },
    {
      "856": {
        "ind1": "4",
        "ind2": "1",
        "subfields": [
          {
            "3": "Table of contents"
          },
          {
            "u": "http://tocs.kubikat.org/rco/bf00/006/bf00006726m-toc.pdf"
          }
        ]
      }
    },
    {
      "856": {
        "ind1": "4",
        "ind2": "1",
        "subfields": [
          {
            "3": "Table of contents"
          },
          {
            "u": "http://bvbr.bib-bvb.de:8991/F?func=service&doc_library=BVB01&local_base=BVB01&doc_number=017708616&line_number=0001&func_code=DB_RECORDS&service_type=MEDIA"
          }
        ]
      }
    },
    {
      "856": {
        "ind1": "4",
        "ind2": "1",
        "subfields": [
          {
            "3": "Table of contents"
          },
          {
            "q": "application/pdf"
          },
          {
            "u": "http://digitale-objekte.hbz-nrw.de/storage/2012/12/05/file_18/4804256.pdf"
          }
        ]
      }
    },
    {
      "994": {
        "ind1": "\\",
        "ind2": "\\",
        "subfields": [
          {
            "a": "Z0"
          },
          {
            "b": "NYRVC"
          }
        ]
      }
    },
    {
      "948": {
        "ind1": "\\",
        "ind2": "\\",
        "subfields": [
          {
            "h": "NO HOLDINGS IN NYRVC - 196 OTHER HOLDINGS"
          }
        ]
      }
    },
    {
      "999": {
        "ind1": "\\",
        "ind2": "\\",
        "subfields": [
          {
            "a": "00000000011357"
          }
        ]
      }
    }
  ]
}